<collection xmlns="http://www.loc.gov/MARC21/slim"><record><leader>00568nam  2200181   450</leader><controlfield tag="001">896</controlfield><controlfield tag="003">http://montalegre.opacnet.com/OPAC/default.aspx?ContentAreaControl=ShowRegHoldings.ascx&amp;RegNo=16662</controlfield><datafield tag="100" ind1=" " ind2=" "><subfield code="a">19950811d1966    m  y0pory010305  ba</subfield></datafield><datafield tag="101" ind1="1" ind2=" "><subfield code="a">por</subfield></datafield><datafield tag="102" ind1=" " ind2=" "><subfield code="a">PT</subfield></datafield><datafield tag="200" ind1="1" ind2=" "><subfield code="a">&lt;O &gt;relógio</subfield><subfield code="e">romance</subfield><subfield code="f">Carlos Levi</subfield><subfield code="g">trad. de Mário Delgado</subfield></datafield><datafield tag="210" ind1=" " ind2=" "><subfield code="a">Lisboa</subfield><subfield code="c">Arcádia</subfield><subfield code="d">[D.L. 1966]</subfield></datafield><datafield tag="215" ind1=" " ind2=" "><subfield code="a">401, 1 p.</subfield><subfield code="d">20 cm</subfield></datafield><datafield tag="225" ind1="2" ind2=" "><subfield code="a">Encontro</subfield><subfield code="v">40)</subfield></datafield><datafield tag="304" ind1=" " ind2=" "><subfield code="a">Tit. orig.: L'orologio</subfield></datafield><datafield tag="700" ind1=" " ind2="1"><subfield code="a">Levi</subfield><subfield code="b">Carlo</subfield><subfield code="f">1902-1975</subfield></datafield><datafield tag="702" ind1=" " ind2="1"><subfield code="a">Delgado</subfield><subfield code="b">Mário</subfield><subfield code="4">730</subfield></datafield><datafield tag="801" ind1=" " ind2="0"><subfield code="a">PT</subfield><subfield code="b">Biblioteca Municipal de Montalegre</subfield><subfield code="g">RPC</subfield></datafield><datafield tag="909" ind1="&#9;" ind2=" "><subfield code="a">1</subfield></datafield><datafield tag="966" ind1=" " ind2=" "><subfield code="a">0008135</subfield><subfield code="l">BMM</subfield><subfield code="s">SCG 821 LEV rel 40</subfield></datafield></record></collection>